@article{testreferanse,
issn = {0263-8231},
pages = {106924--106924},
volume = {155},
publisher = {Elsevier Ltd},
year = {2020},
title = {Seismic performance of mid-to-high rise modular steel construction - A critical review},
copyright = {2020 Elsevier Ltd},
language = {eng},
author = {Deng, En-Feng and Zong, Liang and Ding, Yang and Zhang, Zhe and Zhang, Jun-Feng and Shi, Feng-Wei and Cai, Li-Ming and Gao, Shu-Cai},
keywords = {Connection ; Design criteria ; Global response ; Lateral force resisting system ; Modular steel construction ; Seismic performance},
}
