%! Author = moeve
%! Date = 22.01.2025

